@article{Chen1996,
	author = {Chen, Ming-Syan and Han, Jiawei and Yu, Philip S.},
	title = {Data Mining: An Overview from a Database Perspective},
	journal = {IEEE Trans. on Knowl. and Data Eng.},
	issue_date = {December 1996},
	volume = {8},
	number = {6},
	month = dec,
	year = {1996},
	issn = {1041-4347},
	pages = {866--883},
	numpages = {18},
	url = {http://dx.doi.org/10.1109/69.553155},
	doi = {10.1109/69.553155},
	acmid = {627794},
	publisher = {IEEE Educational Activities Department},
	address = {Piscataway, NJ, USA},
	keywords = {Data mining, knowledge discovery, association rules, classification, data clustering, pattern matching algorithms, data generalization and characterization, data cubes, multiple-dimensional databases.},
} 

@inproceedings{Agrawal1994,
	author = {Agrawal, Rakesh and Srikant, Ramakrishnan},
	title = {Fast Algorithms for Mining Association Rules in Large Databases},
	booktitle = {Proceedings of the 20th International Conference on Very Large Data Bases},
	series = {VLDB '94},
	year = {1994},
	isbn = {1-55860-153-8},
	pages = {487--499},
	numpages = {13},
	url = {http://dl.acm.org/citation.cfm?id=645920.672836},
	acmid = {672836},
	publisher = {Morgan Kaufmann Publishers Inc.},
	address = {San Francisco, CA, USA},
} 

@article{Han2000,
	author = {Han, Jiawei and Pei, Jian and Yin, Yiwen},
	title = {Mining Frequent Patterns Without Candidate Generation},
	journal = {SIGMOD Rec.},
	issue_date = {June 2000},
	volume = {29},
	number = {2},
	month = may,
	year = {2000},
	issn = {0163-5808},
	pages = {1--12},
	numpages = {12},
	url = {http://doi.acm.org/10.1145/335191.335372},
	doi = {10.1145/335191.335372},
	acmid = {335372},
	publisher = {ACM},
	address = {New York, NY, USA},
} 

@inproceedings{Chan2003,
	author = {Chan, Raymond and Yang, Qiang and Shen, Yi-Dong},
	title = {Mining High Utility Itemsets},
	booktitle = {Proceedings of the Third IEEE International Conference on Data Mining},
	series = {ICDM '03},
	year = {2003},
	isbn = {0-7695-1978-4},
	pages = {19--},
	url = {http://dl.acm.org/citation.cfm?id=951949.952150},
	acmid = {952150},
	publisher = {IEEE Computer Society},
	address = {Washington, DC, USA},
} 

@article{Yao2006,
	author = {Yao, Hong and Hamilton, Howard J.},
	title = {Mining Itemset Utilities from Transaction Databases},
	journal = {Data Knowl. Eng.},
	issue_date = {December 2006},
	volume = {59},
	number = {3},
	month = dec,
	year = {2006},
	issn = {0169-023X},
	pages = {603--626},
	numpages = {24},
	url = {http://dx.doi.org/10.1016/j.datak.2005.10.004},
	doi = {10.1016/j.datak.2005.10.004},
	acmid = {1228378},
	publisher = {Elsevier Science Publishers B. V.},
	address = {Amsterdam, The Netherlands, The Netherlands},
	keywords = {data mining, itemset, semantic significance, user preference, utility mining},
} 

@INPROCEEDINGS{Yao2004,
	author = {Hong Yao and Howard J. Hamilton and Cory J. Butz},
	title = {A Foundational Approach to Mining Itemset Utilities from Databases},
	booktitle = {Proceedings of the Third SIAM International Conference on Data Mining},
	year = {2004},
	pages = {482--486}
}

@Inbook{Yen2007,
	author={Yen, Show-Jane and Lee, Yue-Shi},
	title={Mining High Utility Quantitative Association Rules},
	bookTitle={Data Warehousing and Knowledge Discovery: 9th International Conference, DaWaK 2007, Regensburg Germany, September 3-7, 2007. Proceedings},
	year={2007},
	publisher={Springer Berlin Heidelberg},
	address={Berlin, Heidelberg},
	pages={283--292},
	isbn={978-3-540-74553-2},
	doi={10.1007/978-3-540-74553-2},
	url={http://dx.doi.org/10.1007/978-3-540-74553-2}
}

@article{Yun2013,
	author = {Yun, Unil and Ryu, Keun Ho},
	title = {Efficient Mining of Maximal Correlated Weight Frequent Patterns},
	journal = {Intell. Data Anal.},
	issue_date = {September 2013},
	volume = {17},
	number = {5},
	month = sep,
	year = {2013},
	issn = {1088-467X},
	pages = {917--939},
	numpages = {23},
	url = {http://dx.doi.org/10.3233/IDA-130612},
	doi = {10.3233/IDA-130612},
	acmid = {2595598},
	publisher = {IOS Press},
	address = {Amsterdam, The Netherlands, The Netherlands},
	keywords = {Data Mining, Knowledge Discovery, Maximal Frequent Pattern Mining, Weighted Frequent Pattern Mining},
}

@article{Yun2014,
	author = {Yun, Unil and Ryang, Heungmo and Ryu, Keun Ho},
	title = {High Utility Itemset Mining with Techniques for Reducing Overestimated Utilities and Pruning Candidates},
	journal = {Expert Syst. Appl.},
	issue_date = {June, 2014},
	volume = {41},
	number = {8},
	month = jun,
	year = {2014},
	issn = {0957-4174},
	pages = {3861--3878},
	numpages = {18},
	url = {http://dx.doi.org/10.1016/j.eswa.2013.11.038},
	doi = {10.1016/j.eswa.2013.11.038},
	acmid = {2578030},
	publisher = {Pergamon Press, Inc.},
	address = {Tarrytown, NY, USA},
	keywords = {Candidate pruning, Data mining, High utility itemsets, Single-pass tree construction, Utility mining},
} 

@Inbook{Liu2005,
	author={Liu, Ying and Liao, Wei-keng and Choudhary, Alok},
	title={A Two-Phase Algorithm for Fast Discovery of High Utility Itemsets},
	bookTitle={Advances in Knowledge Discovery and Data Mining: 9th Pacific-Asia Conference, PAKDD 2005, Hanoi, Vietnam, May 18-20, 2005. Proceedings},
	year={2005},
	publisher={Springer Berlin Heidelberg},
	address={Berlin, Heidelberg},
	pages={689--695},
	isbn={978-3-540-31935-1},
	doi={10.1007/11430919},
	url={http://dx.doi.org/10.1007/11430919}
}

@inproceedings{Tseng2010,
	author = {Tseng, Vincent S. and Wu, Cheng-Wei and Shie, Bai-En and Yu, Philip S.},
	title = {UP-Growth: An Efficient Algorithm for High Utility Itemset Mining},
	booktitle = {Proceedings of the 16th ACM SIGKDD International Conference on Knowledge Discovery and Data Mining},
	series = {KDD '10},
	year = {2010},
	isbn = {978-1-4503-0055-1},
	location = {Washington, DC, USA},
	pages = {253--262},
	numpages = {10},
	url = {http://doi.acm.org/10.1145/1835804.1835839},
	doi = {10.1145/1835804.1835839},
	acmid = {1835839},
	publisher = {ACM},
	address = {New York, NY, USA},
	keywords = {candidate pruning, frequent itemset, high utility itemset, utility mining},
} 

@ARTICLE{Tseng2013, 
	author={V. S. Tseng and B. E. Shie and C. W. Wu and P. S. Yu}, 
	journal={IEEE Transactions on Knowledge and Data Engineering}, 
	title={Efficient Algorithms for Mining High Utility Itemsets from Transactional Databases}, 
	year={2013}, 
	volume={25}, 
	number={8}, 
	pages={1772-1786}, 
	keywords={data mining;database management systems;tree data structures;UP-Growth;UP-Growth+;UP-Tree;candidate itemset pruning;data mining;high utility itemsets;transactional databases;tree-based data structure;utility pattern growth;utility pattern tree;Algorithm design and analysis;Association rules;Data structures;Itemsets;Candidate pruning;data mining;frequent itemset;high utility itemset;utility mining}, 
	doi={10.1109/TKDE.2012.59}, 
	ISSN={1041-4347}, 
	month={Aug}
}

@inproceedings{Liu2012,
	author = {Liu, Mengchi and Qu, Junfeng},
	title = {Mining High Utility Itemsets Without Candidate Generation},
	booktitle = {Proceedings of the 21st ACM International Conference on Information and Knowledge Management},
	series = {CIKM '12},
	year = {2012},
	isbn = {978-1-4503-1156-4},
	location = {Maui, Hawaii, USA},
	pages = {55--64},
	numpages = {10},
	url = {http://doi.acm.org/10.1145/2396761.2396773},
	doi = {10.1145/2396761.2396773},
	acmid = {2396773},
	publisher = {ACM},
	address = {New York, NY, USA},
	keywords = {high utility itemset, mining algorithm},
} 

@Inbook{Zida2015,
	author={Zida, Souleymane
	and Fournier-Viger, Philippe
	and Lin, Jerry Chun-Wei
	and Wu, Cheng-Wei
	and Tseng, Vincent S.},
	title={EFIM: A Highly Efficient Algorithm for High-Utility Itemset Mining},
	bookTitle={Advances in Artificial Intelligence and Soft Computing: 14th Mexican International Conference on Artificial Intelligence, MICAI 2015, Cuernavaca, Morelos, Mexico, October 25-31, 2015, Proceedings, Part I},
	year={2015},
	publisher={Springer International Publishing},
	address={Cham},
	pages={530--546},
	isbn={978-3-319-27060-9},
	doi={10.1007/978-3-319-27060-9\_44},
	url={http://dx.doi.org/10.1007/978-3-319-27060-9\_44}
}

@article{Dean2008,
	author = {Dean, Jeffrey and Ghemawat, Sanjay},
	title = {MapReduce: Simplified Data Processing on Large Clusters},
	journal = {Commun. ACM},
	issue_date = {January 2008},
	volume = {51},
	number = {1},
	month = jan,
	year = {2008},
	issn = {0001-0782},
	pages = {107--113},
	numpages = {7},
	url = {http://doi.acm.org/10.1145/1327452.1327492},
	doi = {10.1145/1327452.1327492},
	acmid = {1327492},
	publisher = {ACM},
	address = {New York, NY, USA},
} 

@inproceedings{Zaharia2010,
	author = {Zaharia, Matei and Chowdhury, Mosharaf and Franklin, Michael J. and Shenker, Scott and Stoica, Ion},
	title = {Spark: Cluster Computing with Working Sets},
	booktitle = {Proceedings of the 2Nd USENIX Conference on Hot Topics in Cloud Computing},
	series = {HotCloud'10},
	year = {2010},
	location = {Boston, MA},
	pages = {10--10},
	numpages = {1},
	url = {http://dl.acm.org/citation.cfm?id=1863103.1863113},
	acmid = {1863113},
	publisher = {USENIX Association},
	address = {Berkeley, CA, USA},
} 


@online{ApacheHadoop,
	title = {Apache Hadoop - http://hadoop.apache.org},
	url = {http://hadoop.apache.org},
}

@online{SPMFDatasets,
	title = {SPMF Datasets - http://www.philippe-fournier-viger.com/spmf/index.php?link=datasets.php},
	url = {http://www.philippe-fournier-viger.com/spmf/index.php?link=datasets.php},
}

@URL {miningdataset2012,
	author = {{Frequent itemset mining dataset repository - http://fimi.ua.ac.be/data}},
	year   = {2012},
	url = {http://fimi.ua.ac.be/data}
}

@article{Chen2016,
	title = {Approximate Parallel High Utility Itemset Mining },
	journal = {Big Data Research },
	volume = {6},
	number = {},
	pages = {26 - 42},
	year = {2016},
	note = {},
	issn = {2214-5796},
	doi = {http://dx.doi.org/10.1016/j.bdr.2016.07.001},
	url = {http://www.sciencedirect.com/science/article/pii/S2214579616300089},
	author = {Yan Chen and Aijun An},
	keywords = {Approximate},
	keywords = {Parallel},
	keywords = {Hadoop},
	keywords = {Spark},
	keywords = {HUI }
}

@article{Krishnamoorthy2015,
	title = {Pruning strategies for mining high utility itemsets },
	journal = {Expert Systems with Applications },
	volume = {42},
	number = {5},
	pages = {2371 - 2381},
	year = {2015},
	note = {},
	issn = {0957-4174},
	doi = {http://dx.doi.org/10.1016/j.eswa.2014.11.001},
	author = {Srikumar Krishnamoorthy},
	keywords = {High utility itemsets},
	keywords = {Frequent itemsets},
	keywords = {Data mining }
}

@Inbook{Fournier-Viger2014,
	author={Fournier-Viger, Philippe
	and Wu, Cheng-Wei
	and Zida, Souleymane
	and Tseng, Vincent S.},
	editor={Andreasen, Troels
	and Christiansen, Henning
	and Cubero, Juan-Carlos
	and Ra{\'{s}}, Zbigniew W.},
	title={FHM: Faster High-Utility Itemset Mining Using Estimated Utility Co-occurrence Pruning},
	bookTitle={Foundations of Intelligent Systems: 21st International Symposium, ISMIS 2014, Roskilde, Denmark, June 25-27, 2014. Proceedings},
	year={2014},
	publisher={Springer International Publishing},
	address={Cham},
	pages={83--92},
	isbn={978-3-319-08326-1},
	doi={10.1007/978-3-319-08326-1\_9},
	url={http://dx.doi.org/10.1007/978-3-319-08326-1\_9}
}

@Inbook{Fournier-Viger2016,
	author={Fournier-Viger, Philippe
	and Lin, Jerry Chun-Wei
	and Duong, Quang-Huy
	and Dam, Thu-Lan},
	editor={Fujita, Hamido
	and Ali, Moonis
	and Selamat, Ali
	and Sasaki, Jun
	and Kurematsu, Masaki},
	title={FHM+:Faster High-Utility Itemset Mining Using Length Upper-Bound Reduction},
	bookTitle={Trends in Applied Knowledge-Based Systems and Data Science: 29th International Conference on Industrial Engineering and Other Applications of Applied Intelligent Systems, IEA/AIE 2016, Morioka, Japan, August 2-4, 2016, Proceedings},
	year={2016},
	publisher={Springer International Publishing},
	address={Cham},
	pages={115--127},
	isbn={978-3-319-42007-3},
	doi={10.1007/978-3-319-42007-3\_11},
	url={http://dx.doi.org/10.1007/978-3-319-42007-3\_11}
}

@article{Chen1996,
	author = {Chen, Ming-Syan and Han, Jiawei and Yu, Philip S.},
	title = {Data Mining: An Overview from a Database Perspective},
	journal = {IEEE Trans. on Knowl. and Data Eng.},
	issue_date = {December 1996},
	volume = {8},
	number = {6},
	month = dec,
	year = {1996},
	issn = {1041-4347},
	pages = {866--883},
	numpages = {18},
	url = {http://dx.doi.org/10.1109/69.553155},
	doi = {10.1109/69.553155},
	acmid = {627794},
	publisher = {IEEE Educational Activities Department},
	address = {Piscataway, NJ, USA},
	keywords = {Data mining, knowledge discovery, association rules, classification, data clustering, pattern matching algorithms, data generalization and characterization, data cubes, multiple-dimensional databases.},
}

@article{Han2000,
	author = {Han, Jiawei and Pei, Jian and Yin, Yiwen},
	title = {Mining Frequent Patterns Without Candidate Generation},
	journal = {SIGMOD Rec.},
	issue_date = {June 2000},
	volume = {29},
	number = {2},
	month = may,
	year = {2000},
	issn = {0163-5808},
	pages = {1--12},
	numpages = {12},
	url = {http://doi.acm.org/10.1145/335191.335372},
	doi = {10.1145/335191.335372},
	acmid = {335372},
	publisher = {ACM},
	address = {New York, NY, USA},
} 

@Article{Barber2003,
	author={Barber, Brock
	and Hamilton, Howard J.},
	title={Extracting Share Frequent Itemsets with Infrequent Subsets},
	journal={Data Mining and Knowledge Discovery},
	year={2003},
	volume={7},
	number={2},
	pages={153--185},
	issn={1573-756X},
	doi={10.1023/A:1022419032620},
	url={http://dx.doi.org/10.1023/A:1022419032620}
}

@Inbook{Li2005,
	author={Li, Yu-Chiang
	and Yeh, Jieh-Shan
	and Chang, Chin-Chen},
	editor={Wang, Lipo
	and Jin, Yaochu},
	title={Direct Candidates Generation: A Novel Algorithm for Discovering Complete Share-Frequent Itemsets},
	bookTitle={Fuzzy Systems and Knowledge Discovery: Second International Conference, FSKD 2005, Changsha, China, August 27-29, 2005, Proceedings, Part II},
	year={2005},
	publisher={Springer Berlin Heidelberg},
	address={Berlin, Heidelberg},
	pages={551--560},
	isbn={978-3-540-31828-6},
	doi={10.1007/11540007\_67},
	url={http://dx.doi.org/10.1007/11540007\_67}
}

@inproceedings{Agrawal1994,
	author = {Agrawal, Rakesh and Srikant, Ramakrishnan},
	title = {Fast Algorithms for Mining Association Rules in Large Databases},
	booktitle = {Proceedings of the 20th International Conference on Very Large Data Bases},
	series = {VLDB '94},
	year = {1994},
	isbn = {1-55860-153-8},
	pages = {487--499},
	numpages = {13},
	url = {http://dl.acm.org/citation.cfm?id=645920.672836},
	acmid = {672836},
	publisher = {Morgan Kaufmann Publishers Inc.},
	address = {San Francisco, CA, USA},
} 

@ARTICLE{Ahmed2009, 
	author={C. F. Ahmed and S. K. Tanbeer and B. S. Jeong and Y. K. Lee}, 
	journal={IEEE Transactions on Knowledge and Data Engineering}, 
	title={Efficient Tree Structures for High Utility Pattern Mining in Incremental Databases}, 
	year={2009}, 
	volume={21}, 
	number={12}, 
	pages={1708-1721}, 
	keywords={data mining;tree data structures;data mining;data structures;high utility pattern mining;incremental HUP lexicographic tree;incremental databases;tree structures;Data mining;frequent pattern mining;high utility pattern mining;incremental mining;interactive mining.}, 
	doi={10.1109/TKDE.2009.46}, 
	ISSN={1041-4347}, 
	month={Dec},
}

@INPROCEEDINGS{Erwin2007, 
	author={A. Erwin and R. P. Gopalan and N. R. Achuthan}, 
	booktitle={Computer and Information Technology, 2007. CIT 2007. 7th IEEE International Conference on}, 
	title={CTU-Mine: An Efficient High Utility Itemset Mining Algorithm Using the Pattern Growth Approach}, 
	year={2007}, 
	pages={71-76}, 
	keywords={data mining;CTU-Mine;compressed transaction utility;itemset mining algorithm;pattern growth approach;utility mining problem;Association rules;Clustering algorithms;Costs;Data mining;Information technology;Ink;Itemsets;Mathematics;Printers;Transaction databases}, 
	doi={10.1109/CIT.2007.120}, 
	month={Oct},}

@article{Lin2011,
	title = {An effective tree structure for mining high utility itemsets },
	journal = {Expert Systems with Applications },
	volume = {38},
	number = {6},
	pages = {7419 - 7424},
	year = {2011},
	note = {},
	issn = {0957-4174},
	doi = {http://dx.doi.org/10.1016/j.eswa.2010.12.082},
	author = {Chun-Wei Lin and Tzung-Pei Hong and Wen-Hsiang Lu},
	keywords = {Utility mining},
	keywords = {High utility pattern},
	keywords = {HUP-tree},
	keywords = {HUP-growth},
	keywords = {Two-phase mining},
	keywords = {Downward closure }
}

@inproceedings{Wu2012,
	author = {Wu, Cheng Wei and Shie, Bai-En and Tseng, Vincent S. and Yu, Philip S.},
	title = {Mining top-K High Utility Itemsets},
	booktitle = {Proceedings of the 18th ACM SIGKDD International Conference on Knowledge Discovery and Data Mining},
	series = {KDD '12},
	year = {2012},
	isbn = {978-1-4503-1462-6},
	location = {Beijing, China},
	pages = {78--86},
	numpages = {9},
	url = {http://doi.acm.org/10.1145/2339530.2339546},
	doi = {10.1145/2339530.2339546},
	acmid = {2339546},
	publisher = {ACM},
	address = {New York, NY, USA},
	keywords = {high utility itemset, top-k pattern mining, utility mining},
} 

@article{Chu2009,
	title = {An efficient algorithm for mining high utility itemsets with negative item values in large databases },
	journal = {Applied Mathematics and Computation },
	volume = {215},
	number = {2},
	pages = {767 - 778},
	year = {2009},
	note = {},
	issn = {0096-3003},
	doi = {http://dx.doi.org/10.1016/j.amc.2009.05.066},
	author = {Chun-Jung Chu and Vincent S. Tseng and Tyne Liang},
	keywords = {Utility mining},
	keywords = {High utility itemsets},
	keywords = {Association rules}
}

@Article{Lan2014,
	author={Lan, Guo-Cheng
	and Hong, Tzung-Pei
	and Tseng, Vincent S.},
	title={An efficient projection-based indexing approach for mining high utility itemsets},
	journal={Knowledge and Information Systems},
	year={2014},
	volume={38},
	number={1},
	pages={85--107},
	abstract={Recently, utility mining has widely been discussed in the field of data mining. It finds high utility itemsets by considering both profits and quantities of items in transactional data sets. However, most of the existing approaches are based on the principle of levelwise processing, as in the traditional two-phase utility mining algorithm to find a high utility itemsets. In this paper, we propose an efficient utility mining approach that adopts an indexing mechanism to speed up the execution and reduce the memory requirement in the mining process. The indexing mechanism can imitate the traditional projection algorithms to achieve the aim of projecting sub-databases for mining. In addition, a pruning strategy is also applied to reduce the number of unpromising itemsets in mining. Finally, the experimental results on synthetic data sets and on a real data set show the superior performance of the proposed approach.},
	issn={0219-3116},
	doi={10.1007/s10115-012-0492-y},
	url={http://dx.doi.org/10.1007/s10115-012-0492-y}
}

@article{Song2014,
	author = {Song, Wei and Liu, Yu and Li, Jinhong},
	title = {BAHUI: Fast and Memory Efficient Mining of High Utility Itemsets Based on Bitmap},
	journal = {Int. J. Data Warehous. Min.},
	issue_date = {January 2014},
	volume = {10},
	number = {1},
	month = {jan},
	year = {2014},
	issn = {1548-3924},
	pages = {1--15},
	numpages = {15},
	url = {http://dx.doi.org/10.4018/ijdwm.2014010101},
	doi = {10.4018/ijdwm.2014010101},
	acmid = {2618299},
	publisher = {IGI Global},
	address = {Hershey, PA, USA},
	keywords = {Bitmap, Data Mining, High Utility Itemsets, Maximal Itemsets},
} 

@inproceedings{Li2008,
	author = {Li, Haoyuan and Wang, Yi and Zhang, Dong and Zhang, Ming and Chang, Edward Y.},
	title = {Pfp: Parallel Fp-growth for Query Recommendation},
	booktitle = {Proceedings of the 2008 ACM Conference on Recommender Systems},
	series = {RecSys '08},
	year = {2008},
	isbn = {978-1-60558-093-7},
	location = {Lausanne, Switzerland},
	pages = {107--114},
	numpages = {8},
	url = {http://doi.acm.org/10.1145/1454008.1454027},
	doi = {10.1145/1454008.1454027},
	acmid = {1454027},
	publisher = {ACM},
	address = {New York, NY, USA},
	keywords = {data mining, frequent itemset mining, parallel fp-growth},
} 

@Inbook{Lin2015,
	author={Lin, Ying Chun
	and Wu, Cheng-Wei
	and Tseng, Vincent S.},
	editor={Cao, Tru
	and Lim, Ee-Peng
	and Zhou, Zhi-Hua
	and Ho, Tu-Bao
	and Cheung, David
	and Motoda, Hiroshi},
	title={Mining High Utility Itemsets in Big Data},
	bookTitle={Advances in Knowledge Discovery and Data Mining: 19th Pacific-Asia Conference, PAKDD 2015, Ho Chi Minh City, Vietnam, May 19-22, 2015, Proceedings, Part II},
	year={2015},
	publisher={Springer International Publishing},
	address={Cham},
	pages={649--661},
	isbn={978-3-319-18032-8},
	doi={10.1007/978-3-319-18032-8_51},
	url={http://dx.doi.org/10.1007/978-3-319-18032-8_51}
}

@INPROCEEDINGS{Yang2010, 
	author={X. Y. Yang and Z. Liu and Y. Fu}, 
	booktitle={The 3rd International Conference on Information Sciences and Interaction Sciences}, 
	title={MapReduce as a programming model for association rules algorithm on Hadoop}, 
	year={2010}, 
	pages={99-102}, 
	keywords={Association rules;Cloud computing;Computer science;Data engineering;Data mining;Electronic mail;Industrial relations;Itemsets;Machine learning algorithms;Transaction databases;Apriori;Association rules;Hadoop;KDD;MapReduce}, 
	doi={10.1109/ICICIS.2010.5534718}, 
	month={June},
}

@INPROCEEDINGS{Cryans2010, 
	author={J. D. Cryans and S. Ratté and R. Champagne}, 
	booktitle={2010 Second International Conference on Advances in Databases, Knowledge, and Data Applications}, 
	title={Adaptation of Apriori to MapReduce to Build a Warehouse of Relations between Named Entities across the Web}, 
	year={2010}, 
	pages={185-189}, 
	keywords={Web services;information retrieval;semantic Web;Google;Hadoop;Internet;MapReduce;OpenCalais;RSS feeds;Web pages;Web service;content extraction;named entities;semantic Web;Data mining;Databases;Feeds;Internet;Itemsets;Semantic Web;Testing;Web pages;Web server;Web services;Apriori algorithm;MapReduce paradigm;association rules;web mining}, 
	doi={10.1109/DBKDA.2010.34}, 
	month={April},
}